<record><leader>00000cas a2200000 a 4500</leader><controlfield tag="001">15368509</controlfield><controlfield tag="008">870325d18531855iludn ne      0    0eng c</controlfield><datafield ind1=" " ind2=" " tag="010"><subfield code="a">sn 87082512 </subfield></datafield><datafield ind1=" " ind2=" " tag="040"><subfield code="a">NPV</subfield><subfield code="b">eng</subfield><subfield code="c">NPV</subfield><subfield code="d">NVF</subfield><subfield code="d">OCL</subfield><subfield code="d">CVF</subfield><subfield code="d">NVF</subfield><subfield code="d">OCLCQ</subfield><subfield code="d">OCLCF</subfield><subfield code="d">OCLCO</subfield></datafield><datafield ind1=" " ind2=" " tag="042"><subfield code="a">pcc</subfield></datafield><datafield ind1=" " ind2=" " tag="043"><subfield code="a">n-us-il</subfield></datafield><datafield ind1="0" ind2="0" tag="245"><subfield code="a">Daily Chicago journal.</subfield></datafield><datafield ind1="1" ind2="3" tag="246"><subfield code="a">Chicago journal</subfield></datafield><datafield ind1=" " ind2=" " tag="260"><subfield code="a">Chicago, Ill. :</subfield><subfield code="b">R.L. Wilson &amp; C.L. Wilson, R.H. Morris,</subfield><subfield code="c">1853-1855.</subfield></datafield><datafield ind1=" " ind2=" " tag="300"><subfield code="a">v.</subfield></datafield><datafield ind1=" " ind2=" " tag="310"><subfield code="a">Daily (except Sunday)</subfield></datafield><datafield ind1="0" ind2=" " tag="362"><subfield code="a">Vol. 12, no. 26 (Jan. 26, 1853)-v. 14, no. 32 (Feb. 9, 1855).</subfield></datafield><datafield ind1=" " ind2=" " tag="580"><subfield code="a">Weekly ed.: Weekly Chicago journal, 1853-&lt;&gt;</subfield></datafield><datafield ind1=" " ind2="0" tag="651"><subfield code="a">Chicago (Ill.)</subfield><subfield code="v">Newspapers.</subfield></datafield><datafield ind1=" " ind2="7" tag="655"><subfield code="a">Newspapers.</subfield><subfield code="2">fast</subfield><subfield code="0">(OCoLC)fst01423814</subfield></datafield><datafield ind1=" " ind2="7" tag="651"><subfield code="a">Illinois</subfield><subfield code="z">Chicago.</subfield><subfield code="2">fast</subfield><subfield code="0">(OCoLC)fst01204048</subfield></datafield><datafield ind1=" " ind2=" " tag="752"><subfield code="a">United States</subfield><subfield code="b">Illinois</subfield><subfield code="c">Cook</subfield><subfield code="d">Chicago.</subfield></datafield><datafield ind1="1" ind2=" " tag="775"><subfield code="t">Weekly Chicago journal</subfield><subfield code="w">(DLC)sn 87082529</subfield><subfield code="w">(OCoLC)15379045</subfield></datafield><datafield ind1="0" ind2="0" tag="780"><subfield code="t">Chicago daily journal (Chicago, Ill, : 1844)</subfield><subfield code="w">(DLC)sn 82016293</subfield><subfield code="w">(OCoLC)9273938</subfield></datafield><datafield ind1="0" ind2="0" tag="785"><subfield code="t">Chicago daily journal (Chicago, Ill. : 1855)</subfield><subfield code="w">(DLC)sn 87082528</subfield><subfield code="w">(OCoLC)15368566</subfield></datafield></record>